2602 3905
384 229 468 288 16
1058 244 1481 292 mosomum.

379 391 627 466 Imperio
662 391 866 464 adjecit
902 390 1187 457 Britonas,
1226 394 1312 447 sic
1348 409 1554 465 nempe
1589 396 1829 450 recessit

381 545 472 598 Ad
505 542 752 599 latebras
792 540 950 597 Gens
987 551 1122 608 tota,
1157 553 1214 598 et
1249 544 1687 617 inexpugnabile
1722 545 1935 601 vallum

385 693 631 750 Montes.
706 692 805 749 Sic
841 711 951 751 sua
986 710 1130 749 saxa
1164 694 1313 750 inter
1346 696 1647 769 medioque
1684 697 1867 753 ruinae

379 844 618 901 Delituit
653 854 789 910 tuta,
828 854 884 901 et
919 845 1232 921 desperans
1266 848 1516 912 vincere,
1549 848 1706 903 vinci

378 994 600 1060 Noluit;
638 995 771 1051 hinc
808 996 1029 1069 priscos
1067 1007 1387 1054 memorant
1422 997 1594 1072 longo
1631 999 1827 1056 ordine
1865 1007 2075 1073 patres,
2094 997 2174 1053 50

377 1144 807 1219 Indomitasque
845 1156 1080 1220 crepant
1121 1157 1320 1213 terras,
1358 1149 1683 1221 linguaeque
1721 1159 2033 1206 senectam.

1081 1366 1316 1424 LIBER
1359 1367 1461 1424 111.

446 1591 678 1649 Pelinos
714 1595 889 1667 igitur
923 1600 1230 1667 postquam
1267 1591 1402 1648 Mus
1439 1596 1647 1665 saepms
1683 1607 1911 1667 ungues

375 1742 643 1818 Fugerat,
679 1753 739 1801 et
773 1745 993 1801 Britoni
1030 1761 1165 1818 spes
1202 1761 1321 1800 non
1356 1752 1479 1800 erat
1514 1741 1627 1798 ulla
1668 1744 1870 1801 salutis

375 1896 429 1948 A
465 1895 622 1949 socio
660 1895 806 1960 belli,
843 1910 1111 1968 supremo
1147 1896 1207 1949 in
1245 1894 1440 1948 limine
1477 1902 1641 1948 terroe

379 2045 703 2101 Concilium
740 2045 976 2111 accitur,
1014 2048 1130 2119 qua
1165 2060 1321 2100 nunc
1362 2041 1653 2099 Menevia*
1688 2046 1874 2118 plorat
2100 2047 2174 2101 55

376 2199 648 2253 Curtatos
684 2198 867 2254 mitrae
905 2196 1097 2253 titulos
1137 2205 1195 2251 et
1229 2212 1441 2252 nomen
1477 2196 1647 2250 inane

379 2348 776 2421 Semisepultae
811 2348 1009 2415 urbis;
1044 2357 1350 2422 properant
1384 2345 1518 2402 hinc
1554 2346 1683 2401 inde
1720 2346 2054 2421 frequentes

376 2498 692 2572 Patresque
727 2514 1105 2573 proceresque
1142 2507 1199 2555 et
1235 2499 1475 2554 odorum
1511 2497 1786 2571 sulphure
1826 2498 2052 2571 vulgus.

453 2650 612 2708 Tum
649 2650 872 2716 Senior,
911 2654 1004 2709 cui
1041 2669 1192 2724 saepe
1230 2650 1353 2704 suis
1391 2650 1451 2703 in
1487 2649 1778 2705 montibus
1812 2648 2011 2705 hircus

376 2801 669 2860 Prolixam
704 2803 904 2859 invidit
938 2804 1185 2867 barbam,
1222 2800 1432 2872 cuique
1469 2818 1570 2857 ora
1604 2815 1924 2870 manusque
2100 2799 2173 2854 60

379 2952 581 3008 Prisca
615 2955 953 3011 incrustavit
988 2953 1227 3017 scabies,
1263 2952 1589 3025 spectabilis
1625 2950 1754 3007 aula

377 3166 556 3223 ¹*Note
583 3166 657 3225 H.
