2602 3905
322 237 408 297 20
1005 253 1425 298 Muscmum.

393 402 471 457 At
507 401 751 471 quidem,
789 408 920 453 ante
956 398 1096 453 alios
1135 409 1307 454 notus
1343 401 1685 471 cognomine
1724 399 1925 465 Tame*

325 552 401 609 Et
437 550 623 624 magis
658 550 890 621 ingenio
924 550 1180 615 celebris,
1223 551 1342 619 (cui
1380 551 1647 606 Cambria
1683 569 1977 623 nunquam
2052 548 2127 604 80

329 704 607 776 Equalem
645 703 880 773 peperit,
917 701 1075 755 saber
1110 702 1277 765 idem,
1317 701 1578 775 idemque
1616 712 1848 759 senator

327 855 637 922 Eximius)
678 853 760 907 sic
800 869 973 907 orsus
1011 861 1165 907 erat:
1208 861 1243 888 ‘⁸
1263 852 1326 907 Si
1366 855 1543 925 gloria
1582 854 1787 926 gentiS,

330 1018 365 1044 ⁰⁸
388 1007 611 1062 Caseus
648 1004 904 1069 intereat,
942 1014 1132 1058 metuo
1170 1021 1241 1058 ne
1279 1014 1397 1059 tota
1431 1007 1701 1062 colonum

329 1157 624 1212 “Deficiat
662 1172 847 1217 coena,
886 1164 943 1210 et
978 1170 1193 1210 mensae
1231 1155 1407 1212 decus
1444 1174 1613 1212 omne
1651 1156 1919 1212 secundae

330 1319 365 1344 ⁰⁸
387 1309 666 1364 Divitibus
703 1315 930 1389 pereat3
972 1309 1242 1377 quoniam
1281 1323 1418 1379 ergo
1457 1308 1724 1363 Cambria
1760 1307 1942 1361 virtus
2052 1303 2127 1358 85

335 1459 463 1515 “Et
500 1457 636 1513 feles
675 1466 960 1528 nequeant
996 1475 1267 1529 superare
1312 1458 1434 1514 haec
1473 1469 1746 1521 monstra,
1784 1456 1999 1512 fabrilis

334 1611 628 1666 “Dextera
664 1607 799 1679 quid
836 1611 1055 1678 possit3
1094 1613 1226 1683 quid
1264 1612 1531 1668 machina
1566 1613 1727 1667 vafra
1762 1607 1986 1678 dolique

335 1762 701 1834 “Experian
743 1761 931 1829 (dolus
968 1779 1041 1815 an
1078 1763 1259 1818 virtus
1296 1764 1432 1837 quid
1470 1765 1529 1818 in
1565 1763 1727 1817 hoste
1764 1759 2002 1831 requirit
2019 1759 2108 1828 21)”

334 1911 498 1967 Taiia
528 1911 842 1983 jactantem
879 1860 1542 1983 circumstanttundique
1579 1911 1714 1966 fixis

337 2060 639 2116 Haerentes
677 2060 860 2116 oeulis
897 2072 1126 2134 sperata
1162 2064 1367 2134 gaudia
1403 2062 1533 2117 laeto
2049 2059 2123 2114 90

335 2212 628 2268 Murmure
665 2213 924 2268 certatim
962 2221 1260 2276 testantur,
1294 2223 1352 2268 et
1390 2214 1537 2268 unde
1575 2213 1817 2268 salutem

336 2362 688 2418 Promissam
725 2370 1043 2434 expectent,
1082 2365 1346 2436 rogitant,
1383 2365 1691 2436 ardentque
1728 2364 1941 2418 doceri.

407 2514 506 2571 Ille
543 2524 714 2589 caput
750 2516 1030 2589 scalpens,
1071 2517 1231 2584 (nam
1270 2517 1507 2572 multum
1546 2515 1798 2588 scalpere
1837 2513 2104 2569 cambria

339 2668 633 2739 Expedit.)
673 2669 1016 2724 horrendum
1055 2668 1308 2734 subrisit,
1344 2676 1401 2722 et
1437 2684 1536 2722 ora
1575 2667 1886 2729 resolvens,

416 2885 499 2938 *N
511 2894 600 2937 ote
639 2881 715 2938 K.
