2602 3905
419 294 504 356 30
1090 309 1511 357 musarum.

423 459 648 514 Caseus
683 456 894 514 allexit.
964 453 1226 513 Venienti
1259 457 1442 532 prima
1476 455 1753 511 resistunt

422 607 674 673 Olathra,
713 607 1042 680 aditumque
1076 617 1319 682 negant3
1356 608 1455 663 sed
1488 618 1712 681 turpem
1744 605 1889 662 serre
1920 607 2209 680 repulsam

422 757 522 814 Ille
556 757 902 831 indignatae,
945 762 1261 817 munimina
1294 761 1478 817 ferrea
1513 761 1728 815 circum
2102 756 2210 813 165
2297 766 2305 772 '

425 908 696 975 cursitat,
730 920 787 966 et
822 911 1035 983 crispat
1068 928 1292 978 nasum,
1329 910 1731 984 introitumque
1768 910 1962 983 sagaci

422 1059 700 1135 Explorat
732 1061 942 1129 barba;
971 1062 1205 1134 jamque
1243 1060 1577 1117 irremiabile
1619 1061 1795 1117 limen

425 1210 747 1285 Ingressus,
783 1212 1010 1285 votique
1047 1222 1264 1285 potens,
1304 1213 1524 1269 tristem
1560 1211 1753 1284 arripit
1789 1227 1999 1273 escam,

425 1361 687 1418 Exitium
719 1371 883 1418 vorat
921 1363 1106 1427 laetus,
1141 1364 1466 1438 potiturque
1502 1363 1686 1419 ruina.

499 1511 666 1578 Taffi',
701 1513 964 1570 exaudito
1002 1515 1253 1588 strepitu,
1291 1531 1462 1587 quem
1497 1512 1742 1589 pendula
1776 1519 1940 1586 porta
2107 1510 2214 1566 170

427 1662 618 1738 Lapsa
651 1664 818 1730 dedit,
855 1666 1046 1722 cubito
1081 1667 1352 1739 erigitur3
1388 1666 1747 1736 thalamoque
1784 1662 2142 1738 triumphans

428 1814 626 1880 Exilii,
668 1815 973 1889 impatiens
1009 1816 1260 1872 discendi
1296 1817 1428 1889 quis
1463 1833 1650 1871 novus
1686 1815 1899 1887 hospes

430 1962 700 2021 Venerat.
771 1961 997 2020 Interea
1047 1966 1183 2023 furit
1217 1966 1374 2022 intus
1411 1964 1681 2021 ridiculus
1718 1981 1866 2029 mus,

428 2114 507 2171 Et
543 2114 725 2170 fronte
762 2122 820 2170 et
853 2115 1092 2186 pedibus
1126 2126 1363 2191 pugnat,
1390 2114 1623 2188 jamque
1658 2114 1970 2171 intervallis

433 2264 798 2321 Clathrorum
833 2276 1005 2339 caput
1040 2268 1316 2341 impingit,
1355 2266 1680 2339 ferrumque
1717 2266 1913 2339 fatigat
2111 2264 2217 2320 175

434 2416 714 2473 Dentibus
751 2418 987 2473 insanis.
1063 2418 1158 2473 Sic
1196 2418 1331 2474 olim
1365 2419 1426 2474 in
1461 2417 1603 2474 retia
1636 2414 1898 2473 Marsus*

434 2570 617 2626 Actus
653 2586 802 2643 aper,
841 2570 1028 2626 fremit
1064 2570 1401 2635 horrendus,
1439 2570 1785 2640 sinuosaque
1822 2576 2057 2642 quassat

437 2716 697 2785 Vincula,
732 2720 1035 2777 ludibrium
1072 2721 1295 2787 catulis,
1333 2721 1538 2777 diffusa
1570 2736 1673 2791 per
1707 2733 1899 2775 armos

434 2867 488 2927 It
520 2887 744 2943 spuma,
782 2883 1125 2946 arrectaeque
1160 2872 1346 2945 rigent
1379 2872 1440 2960 in
1475 2880 1700 2946 pectore
1736 2877 1888 2926 setae.

505 3084 682 3144 *Note
718 3084 790 3145 N.
