2602 3905
415 302 501 363 14
1093 311 1513 367 Muscn’unA.

1117 527 1352 585 LIBER
1387 527 1460 582 Π.

496 754 673 828 Ετςο,
702 754 942 826 jubente
978 754 1079 819 ira,
1115 754 1319 825 dignas
1359 769 1496 808 cum
1534 751 1814 824 sanguine
1851 765 2054 823 poenas

419 907 663 964 Sumere
701 905 1011 961 discretum
1047 915 1170 974 est;
1207 906 1310 961 sed
1350 911 1465 977 qua
1499 904 1716 960 ratione
1754 902 2032 957 latronem
2141 899 2215 955 30

422 1059 573 1114 Tam
610 1066 843 1121 cautum
881 1057 1200 1130 illaqueent,
1238 1076 1354 1130 quo
1391 1057 1612 1112 vindice
1650 1056 1802 1110 furta
1835 1051 2122 1125 repellant,

420 1210 747 1266 Incertum:
786 1225 974 1280 neque
1009 1208 1136 1264 felis
1173 1208 1325 1264 enim
1365 1217 1482 1273 tua,
1527 1207 1792 1269 Cambre,
1829 1203 1977 1260 tueri

421 1361 620 1427 Tecta,
657 1377 765 1416 nee
802 1360 1056 1415 adversis
1090 1369 1314 1432 poterat
1350 1375 1684 1415 succurrere
1721 1357 1911 1413 rebus.

421 1514 536 1576 Illa,
572 1512 805 1586 quidem
838 1511 1027 1567 varias
1063 1513 1256 1584 posuit
1290 1511 1508 1565 circum
1546 1525 1647 1564 ora
1683 1522 1942 1564 cavernae

424 1665 667 1722 Insidias
691 1667 741 1733 3*
778 1665 1065 1737 tacitoque
1101 1665 1242 1740 pede
1280 1664 1349 1718 ad
1387 1680 1529 1717 cava
1565 1662 1762 1717 limina
1797 1675 2023 1733 repens,
2148 1660 2220 1715 35

421 1817 714 1875 Excubiae
752 1819 905 1891 egit3
943 1815 988 1869 F
990 1819 1216 1871 tustra:
1257 1813 1389 1868 Mus
1426 1830 1631 1885 nempe
1668 1814 1874 1886 pusillo

425 1968 681 2041 Corpore
702 1983 979 2031 securus,
1020 1975 1177 2021 tanto
1213 1973 1272 2019 et
1308 1965 1668 2037 praestantior
1703 1967 1886 2032 hoste,

425 2119 557 2180 Quo
603 2118 806 2183 minor,
843 2118 1124 2172 intentum
1159 2116 1367 2188 praedae
1405 2117 1456 2172 si
1493 2116 1639 2171 forte
1679 2117 1891 2174 videret

426 2270 744 2326 Custodem
779 2276 910 2323 ante
945 2267 1116 2331 fores,
1151 2276 1304 2322 retro
1347 2267 1511 2321 irruit
1545 2268 1720 2339 inque
1744 2286 2009 2326 recessus

427 2421 665 2493 Ausugit
698 2436 906 2477 curvos
943 2428 1112 2491 atque
1149 2418 1301 2474 invia
1337 2418 1541 2475 felibus
1574 2432 1776 2487 antra;
2148 2418 2223 2475 40

427 2571 563 2628 Inde
600 2581 773 2647 eaput
808 2579 1070 2628 metuens
1106 2570 1315 2626 iterum
1350 2571 1618 2643 proferre,
1660 2591 1767 2629 nee
1805 2589 1984 2630 ausus

431 2722 738 2781 Excursus
777 2732 991 2781 tentare
1030 2739 1234 2787 novos,
1272 2722 1385 2777 nisi
1422 2734 1615 2780 eastra
1650 2733 1905 2781 moveret

430 2874 646 2941 Praedo,
684 2884 854 2947 atque
892 2891 1061 2930 omne
1099 2873 1294 2930 aberat
1329 2874 1485 2946 vigili
1521 2893 1655 2931 cum
1695 2875 1801 2932 fele
1839 2874 2134 2945 periclum.

504 3026 601 3081 Sic
639 3026 902 3094 cambris*
943 3025 1251 3095 (Cambros
1289 3026 1456 3081 liceat
1493 3044 1837 3102 componere
1874 3030 2051 3099 muri)

432 3175 678 3234 Elusere
713 3178 926 3242 hostes,
963 3181 1094 3234 eum
1129 3175 1334 3243 Julius,
1370 3180 1507 3235 orbe
1542 3181 1796 3244 subacto.
2152 3179 2225 3234 45

503 3392 683 3451 *Note
720 3392 785 3449 F.
857 3391 962 3462 †G.

2331 1026 2348 1057 f
