2602 3905
420 258 506 319 56

592 519 1098 590 HORATII
1168 519 1394 586 LIB.
1467 519 1533 586 Ι.
1608 519 1794 588 OD.
1869 525 2019 586 22.

616 668 698 734 In
735 665 932 735 Odam
965 664 1346 756 Sapphicam
1378 665 1415 751 (
1427 666 1673 755 Graece)
1703 667 2023 736 translata.

485 831 711 907 Integer
746 837 891 901 vitae,
928 835 1271 909 scelerisque
1310 852 1489 908 purus

475 941 607 998 Non
640 951 769 1014 eget
803 941 988 999 Mauri
1017 943 1223 1015 jaculis
1261 960 1446 1015 neque
1483 957 1642 1008 arou,

479 1050 600 1108 Nee
633 1055 926 1108 venenatis
966 1053 1197 1125 gravida
1232 1053 1474 1125 sagittis,

830 1158 1036 1223 Fusce,
1075 1161 1369 1233 pharetra:

484 1265 617 1319 Sive
652 1279 754 1338 per
791 1265 991 1337 Syrtes
1027 1265 1132 1320 iter
1169 1275 1465 1330 aestuosas,

478 1370 609 1426 Sive
645 1370 899 1427 facturus
934 1388 1035 1444 per
1074 1371 1473 1445 inhospitalem

479 1481 823 1547 Caucasum,
858 1481 948 1535 vel
985 1499 1108 1553 quae
1147 1481 1270 1536 loca
1306 1481 1602 1540 fabulosus

824 1587 1049 1645 Lambit
1084 1590 1405 1664 Hydaspes·

476 1698 741 1770 Namque
777 1715 869 1753 me
904 1699 1045 1753 silva
1080 1700 1248 1772 lupus
1288 1701 1350 1755 in
1387 1699 1613 1765 Sabina,

474 1806 630 1863 Dum
667 1824 853 1863 meam
890 1817 1055 1863 canto
1092 1806 1360 1881 Lalagen,
1399 1819 1456 1863 et
1490 1808 1639 1864 ultra

472 1913 810 1974 'ferminum
846 1917 1000 1972 curis
1037 1933 1214 1988 vagor
1248 1916 1559 1989 expeditus,

816 2026 985 2101 Fugit
1024 2029 1336 2083 inermem:

465 2135 652 2200 Quale
687 2144 1012 2209 portentum
1048 2152 1232 2207 neque
1270 2136 1530 2192 militaris

468 2242 694 2299 Daunia
728 2245 789 2299 in
823 2244 951 2299 latis
990 2245 1091 2299 alit
1125 2244 1393 2301 esculetis
1422 2263 1439 2312 3

470 2347 590 2405 Nec
626 2347 782 2405 Jubae
819 2349 985 2405 tellus
1023 2357 1271 2421 generat,
1312 2323 1540 2408 leonum

815 2455 989 2511 Arida
1025 2457 1241 2514 nutrix.

463 2560 621 2618 Pone
658 2581 767 2628 me,
802 2564 979 2637 pigris
1017 2568 1113 2622 ubi
1149 2568 1312 2624 nulla.
1343 2568 1562 2640 campis

463 2671 649 2727 Arbor
685 2670 875 2727 aestiva
908 2683 1196 2729 recreatur
1234 2675 1410 2741 aura;

463 2778 637 2840 Quod
672 2781 820 2837 latus
856 2781 1052 2835 mundi
1092 2781 1335 2842 nebulae.
1373 2781 1670 2853 malusque

808 2883 1026 2959 Jupiter
1061 2896 1257 2961 urget3

456 2992 615 3050 Pone
651 2995 757 3050 sub
794 3010 968 3051 curru
1003 2994 1242 3050 nimium
1276 2995 1579 3069 propinqui

457 3101 627 3167 Solis,
665 3103 727 3158 in
767 3108 916 3158 terra
951 3103 1212 3158 domibus
1247 3108 1475 3177 negata,

455 3208 641 3269 Dulce
675 3212 951 3281 ridentem
986 3208 1239 3284 Lalagen
1277 3214 1502 3280 amabe,

810 3316 995 3375 Dulce
1028 3319 1378 3393 loquentem.
